<record><leader>00000cas a22000007a 4500</leader><controlfield tag="001">10686808</controlfield><controlfield tag="008">840503c19509999nvuwr ne      0    0eng  </controlfield><controlfield tag="009">466</controlfield><datafield ind1=" " ind2=" " tag="010"><subfield code="a">sn 84020372 </subfield></datafield><datafield ind1=" " ind2=" " tag="040"><subfield code="a">DLC</subfield><subfield code="b">eng</subfield><subfield code="c">DLC</subfield><subfield code="d">NNX</subfield></datafield><datafield ind1="1" ind2=" " tag="029"><subfield code="a">AU@</subfield><subfield code="b">000025809030</subfield></datafield><datafield ind1=" " ind2=" " tag="042"><subfield code="a">msc</subfield></datafield><datafield ind1="0" ind2="0" tag="050"><subfield code="a">Newspaper 8688</subfield></datafield><datafield ind1="0" ind2=" " tag="130"><subfield code="a">Reese River reveille (Austin, Nev. : 1950)</subfield></datafield><datafield ind1="0" ind2="0" tag="245"><subfield code="a">Reese River reveille.</subfield></datafield><datafield ind1="1" ind2="3" tag="246"><subfield code="a">Reese River reveille and the Austin Sun</subfield></datafield><datafield ind1=" " ind2=" " tag="260"><subfield code="a">Austin, Nev. :</subfield><subfield code="b">J. Taylor,</subfield><subfield code="c">1950-</subfield></datafield><datafield ind1=" " ind2=" " tag="300"><subfield code="a">v. :</subfield><subfield code="b">ill. ;</subfield><subfield code="c">62 cm.</subfield></datafield><datafield ind1=" " ind2=" " tag="310"><subfield code="a">Weekly</subfield></datafield><datafield ind1="0" ind2=" " tag="362"><subfield code="a">Vol. 128, no. 7 (May 13, 1950)-</subfield></datafield><datafield ind1=" " ind2=" " tag="500"><subfield code="a">Title from publisher's statement: Reese River reveille and the Austin Sun, May 13, 1950-Oct. 7, 1950.</subfield></datafield><datafield ind1=" " ind2=" " tag="500"><subfield code="a">May 16, 1953 called also 90th Anniversiary edition.</subfield></datafield><datafield ind1=" " ind2=" " tag="500"><subfield code="a">Jan. 9, 1956 called also Uranium strike extra.</subfield></datafield><datafield ind1=" " ind2=" " tag="530"><subfield code="a">Microfilm available from Bell &amp; Howell.</subfield></datafield><datafield ind1=" " ind2=" " tag="752"><subfield code="a">United States</subfield><subfield code="b">Nevada</subfield><subfield code="c">Lander</subfield><subfield code="d">Austin.</subfield></datafield><datafield ind1="0" ind2="0" tag="780"><subfield code="t">Reese River reveille and Austin sun</subfield><subfield code="w">(DLC)sn 86076206</subfield></datafield></record>